<record xmlns="http://www.loc.gov/MARC21/slim" xmlns:xsi="http://www.w3.org/2001/XMLSchema-instance" xsi:schemaLocation="http://www.loc.gov/MARC21/slim http://www.loc.gov/standards/marcxml/schema/MARC21slim.xsd"><leader>02319nam a2200445   4500</leader><controlfield tag="001">001680262</controlfield><controlfield tag="003">NNU</controlfield><controlfield tag="006">m        d        </controlfield><controlfield tag="007">cr cn |||m|||a</controlfield><controlfield tag="008">150116s1968    iq      ob    000 0 ara</controlfield><datafield ind1=" " ind2=" " tag="040"><subfield code="a">NNU</subfield><subfield code="b">eng</subfield><subfield code="e">rda</subfield><subfield code="c">NNU</subfield></datafield><datafield ind1=" " ind2="4" tag="050"><subfield code="a">PJ7696.M3</subfield><subfield code="b">Z9</subfield></datafield><datafield ind1="1" ind2=" " tag="100"><subfield code="6">880-01</subfield><subfield code="a">S&#803;affa&#772;r, Ibtisa&#772;m Marhu&#772;n.</subfield></datafield><datafield ind1="1" ind2="0" tag="245"><subfield code="6">880-02</subfield><subfield code="a">Ma&#772;lik wa-Mutammim, ibna&#772; Nuwayrah al-Yarbu&#772;&#699;i&#772; /</subfield><subfield code="c">ta&#700;li&#772;f Ibtisa&#772;m Marhu&#772;n al-S&#803;affa&#772;r.</subfield></datafield><datafield ind1=" " ind2="1" tag="264"><subfield code="6">880-03</subfield><subfield code="a">Baghda&#772;d :</subfield><subfield code="b">Mat&#803;ba&#699;at al-Irsha&#772;d,</subfield><subfield code="c">1968.</subfield></datafield><datafield ind1=" " ind2=" " tag="300"><subfield code="a">online resource (160 pages)</subfield></datafield><datafield ind1=" " ind2=" " tag="336"><subfield code="a">text</subfield><subfield code="2">rdacontent</subfield></datafield><datafield ind1=" " ind2=" " tag="337"><subfield code="a">computer</subfield><subfield code="2">rdamedia</subfield></datafield><datafield ind1=" " ind2=" " tag="338"><subfield code="a">online resource</subfield><subfield code="2">rdacarrier</subfield></datafield><datafield ind1=" " ind2=" " tag="500"><subfield code="a">Part of the Arabic Collections Online (ACO) project, contributed by New York Univeristy Libraries.</subfield></datafield><datafield ind1=" " ind2=" " tag="504"><subfield code="a">Includes bibliographical references (pages 139-152).</subfield></datafield><datafield ind1=" " ind2=" " tag="533"><subfield code="a">Electronic reproduction.</subfield><subfield code="b">New York, N.Y. :</subfield><subfield code="c">New York University,</subfield><subfield code="d">2015.</subfield><subfield code="5">NNU</subfield></datafield><datafield ind1="0" ind2="0" tag="600"><subfield code="6">880-04</subfield><subfield code="a">Ma&#772;lik ibn Nuwayrah,</subfield><subfield code="d">active 7th century.</subfield></datafield><datafield ind1="0" ind2="0" tag="600"><subfield code="6">880-05</subfield><subfield code="a">Mutammim ibn Nuwayrah,</subfield><subfield code="d">-approximately 650.</subfield></datafield><datafield ind1="0" ind2=" " tag="700"><subfield code="6">880-06</subfield><subfield code="a">Ma&#772;lik ibn Nuwayrah,</subfield><subfield code="d">active 7th century.</subfield></datafield><datafield ind1="0" ind2=" " tag="700"><subfield code="6">880-07</subfield><subfield code="a">Mutammim ibn Nuwayrah,</subfield><subfield code="d">-approximately 650.</subfield></datafield><datafield ind1="2" ind2=" " tag="710"><subfield code="a">New York University.</subfield><subfield code="b">Libraries.</subfield></datafield><datafield ind1="0" ind2=" " tag="730"><subfield code="a">Arabic Collections Online.</subfield></datafield><datafield ind1="0" ind2="8" tag="776"><subfield code="i">Online version:</subfield><subfield code="a">S&#803;affa&#772;r, Ibtisa&#772;m Marhu&#772;n.</subfield><subfield code="t">Ma&#772;lik wa-Mutammim, ibna&#772; Nuwayrah al-Yarbu&#772;&#699;i&#772;.</subfield><subfield code="d">Baghda&#772;d : Mat&#803;ba&#699;at al-Irsha&#772;d, 1968</subfield><subfield code="w">(OCoLC)580792041</subfield></datafield><datafield ind1="0" ind2="8" tag="776"><subfield code="i">Print version:</subfield><subfield code="a">S&#803;affa&#772;r, Ibtisa&#772;m Marhu&#772;n.</subfield><subfield code="t">Ma&#772;lik wa-Mutammim, ibna&#772; Nuwayrah al-Yarbu&#772;&#699;i&#772;</subfield><subfield code="w">(NNU)001680262</subfield><subfield code="w">(DLC)ne 68003118</subfield></datafield><datafield ind1="4" ind2="0" tag="856"><subfield code="u">http://hdl.handle.net/2333.1/t4b8gwdx</subfield></datafield><datafield ind1="1" ind2=" " tag="880"><subfield code="6">100-01/</subfield><subfield code="a">&#1589;&#1601;&#1575;&#1585;&#1548; &#1575;&#1576;&#1578;&#1587;&#1575;&#1605; &#1605;&#1585;&#1607;&#1608;&#1606;.</subfield></datafield><datafield ind1="1" ind2="0" tag="880"><subfield code="6">245-02/</subfield><subfield code="a">&#1605;&#1575;&#1604;&#1603; &#1608;&#1605;&#1578;&#1605;&#1605; &#1575;&#1576;&#1606;&#1575; &#1606;&#1608;&#1610;&#1585;&#1577; &#1575;&#1604;&#1610;&#1585;&#1576;&#1608;&#1593;&#1610; /</subfield><subfield code="c">&#1578;&#1571;&#1604;&#1610;&#1601; &#1575;&#1576;&#1578;&#1587;&#1575;&#1605; &#1605;&#1585;&#1607;&#1608;&#1606; &#1575;&#1604;&#1589;&#1601;&#1575;&#1585;.</subfield></datafield><datafield ind1=" " ind2="1" tag="880"><subfield code="6">264-03/</subfield><subfield code="a">&#1576;&#1594;&#1583;&#1575;&#1583; :</subfield><subfield code="b">&#1605;&#1591;&#1576;&#1593;&#1577; &#1575;&#1604;&#1573;&#1585;&#1588;&#1575;&#1583;&#1548;</subfield><subfield code="c">1968.</subfield></datafield><datafield ind1="0" ind2="4" tag="880"><subfield code="6">600-04/</subfield><subfield code="a">&#1605;&#1575;&#1604;&#1603; &#1576;&#1606; &#1606;&#1608;&#1610;&#1585;&#1577;&#1548;</subfield><subfield code="d">active 7th century.</subfield></datafield><datafield ind1="0" ind2="4" tag="880"><subfield code="6">600-05/</subfield><subfield code="a">&#1605;&#1578;&#1605;&#1605; &#1576;&#1606; &#1606;&#1608;&#1610;&#1585;&#1577;&#1548;,</subfield><subfield code="d">-approximately 650.</subfield></datafield><datafield ind1="0" ind2=" " tag="880"><subfield code="6">700-06/</subfield><subfield code="a">&#1605;&#1575;&#1604; &#1576;&#1606; &#1606;&#1608;&#1610;&#1585;&#1577;&#1548;</subfield><subfield code="d">active 7th century.</subfield></datafield><datafield ind1="0" ind2=" " tag="880"><subfield code="6">700-07/</subfield><subfield code="a">&#1605;&#1578;&#1605;&#1605; &#1576;&#1606; &#1606;&#1608;&#1610;&#1585;&#1577;&#1548;</subfield><subfield code="d">-approximately 650.</subfield></datafield><datafield ind1=" " ind2=" " tag="959"><subfield code="a">NNU</subfield><subfield code="b">WEB</subfield><subfield code="c">GENI</subfield><subfield code="t">0</subfield><subfield code="m">Electronic access</subfield><subfield code="s">01</subfield></datafield><datafield ind1=" " ind2=" " tag="999"><subfield code="i">NNU_001680262</subfield><subfield code="o" /></datafield></record>